@Book{proGit,
author = {Chacon, Scott and Straub, Ben},
title = {Pro Git},
publisher = {Apress},
year = {2014},
edition = {2}
}

@Misc{versionControlWikipedia,
title = {https://en.wikipedia.org/wiki/Version\_control},
url = {https://en.wikipedia.org/wiki/Version\_control}
}

@Misc{svnWikipedia,
title = {https://en.wikipedia.org/wiki/Apache\_Subversion},
url = {https://en.wikipedia.org/wiki/Apache\_Subversion}
}

@Misc{svnBook,
author = {Collins-Sussman, Ben and Fitzpatrick, Brian W. and Pilato, C. Michael},
title = {Version Control with Subversion: For Subversion 1.7 (Compiled from r5067)},
url = {http://svnbook.red-bean.com/en/1.7/svn-book.pdf}
}

